<record><leader>00000cas a22000007a 4500</leader><controlfield tag="001">11674121</controlfield><controlfield tag="008">850208c18709999mauwr ne      0   a0eng d</controlfield><datafield ind1=" " ind2=" " tag="010"><subfield code="a">sn 85033113 </subfield></datafield><datafield ind1=" " ind2=" " tag="040"><subfield code="a">NPU</subfield><subfield code="b">eng</subfield><subfield code="c">NPU</subfield><subfield code="d">NPY</subfield><subfield code="d">MGN</subfield><subfield code="d">NSD</subfield><subfield code="d">OCLCQ</subfield></datafield><datafield ind1=" " ind2=" " tag="012"><subfield code="l">1</subfield><subfield code="m">1</subfield></datafield><datafield ind1="1" ind2=" " tag="022"><subfield code="a">1066-4084</subfield><subfield code="l">1066-4084</subfield><subfield code="2">1</subfield></datafield><datafield ind1=" " ind2=" " tag="032"><subfield code="a">347140</subfield><subfield code="b">USPS</subfield></datafield><datafield ind1=" " ind2=" " tag="037"><subfield code="b">The Middleboro Gazette, PO Box 551, Middleboro, MA 02346</subfield></datafield><datafield ind1=" " ind2=" " tag="042"><subfield code="a">msc</subfield><subfield code="a">nsdp</subfield></datafield><datafield ind1="0" ind2=" " tag="130"><subfield code="a">Middleboro gazette (Middleboro, Mass. : 1870)</subfield></datafield><datafield ind1=" " ind2="4" tag="222"><subfield code="a">The Middleboro gazette</subfield></datafield><datafield ind1="1" ind2="4" tag="245"><subfield code="a">The Middleboro gazette.</subfield></datafield><datafield ind1=" " ind2=" " tag="260"><subfield code="a">Middleboro, Mass. :</subfield><subfield code="b">James M. Coombs</subfield></datafield><datafield ind1=" " ind2=" " tag="300"><subfield code="a">v.</subfield></datafield><datafield ind1=" " ind2=" " tag="310"><subfield code="a">Weekly</subfield></datafield><datafield ind1="1" ind2=" " tag="362"><subfield code="a">Began in 1870?</subfield></datafield><datafield ind1=" " ind2=" " tag="500"><subfield code="a">Published: Somerset, MA : Hathaway Pub. Corp., &lt;Oct. 29, 1992-&gt;</subfield></datafield><datafield ind1=" " ind2=" " tag="588"><subfield code="a">Description based on: Vol. 21, no. 20 (Mar. 22, 1873).</subfield></datafield><datafield ind1=" " ind2=" " tag="588"><subfield code="a">Latest issue consulted: Vol. 141, no. 44 (Oct. 29, 1992).</subfield></datafield><datafield ind1=" " ind2=" " tag="752"><subfield code="a">United States</subfield><subfield code="b">Massachusetts</subfield><subfield code="c">Plymouth</subfield><subfield code="d">Middleboro.</subfield></datafield><datafield ind1=" " ind2=" " tag="752"><subfield code="a">United States</subfield><subfield code="b">Massachusetts</subfield><subfield code="c">Plymouth</subfield><subfield code="d">Lakeville.</subfield></datafield><datafield ind1="0" ind2="0" tag="780"><subfield code="t">Middleborough gazette, and Old Colony advertiser</subfield><subfield code="w">(DLC)sn 83020832</subfield></datafield><datafield ind1="1" ind2=" " tag="029"><subfield code="a">AU@</subfield><subfield code="b">000025834877</subfield></datafield></record>